<?xml version="1.0" encoding="UTF-8"?><collection xmlns="http://www.loc.gov/MARC21/slim"><record><leader>00418nam--2200145-i-4500</leader><controlfield tag="001">000013472</controlfield><controlfield tag="002">20161230</controlfield><controlfield tag="005">20161230201030</controlfield><controlfield tag="008">060222s1000------------r-----000-0-eng-d</controlfield><datafield ind1=" " ind2=" " tag="080"><subfield code="a">541.124:539.196</subfield></datafield><datafield ind1=" " ind2=" " tag="100"><subfield code="a">Christov, Stefan G</subfield></datafield><datafield ind1=" " ind2=" " tag="245"><subfield code="a">Collision theory and statistical theory of che mical reactions</subfield></datafield><datafield ind1=" " ind2=" " tag="260"><subfield code="a">Berlin, Springer-verlag, 1980. Ix + 322 P</subfield></datafield><datafield ind1=" " ind2=" " tag="490"><subfield code="a">Lecture Notes In Chemistry</subfield></datafield><datafield ind1=" " ind2=" " tag="852"><subfield code="a">46527</subfield></datafield></record></collection>